<?xml version="1.0" encoding="UTF-8"?><collection xmlns="http://www.loc.gov/MARC21/slim"><record><leader>00491nam--2200133-i-4500</leader><controlfield tag="001">000023416</controlfield><controlfield tag="002">20161230</controlfield><controlfield tag="005">20161230201035</controlfield><controlfield tag="008">060222s1000------------r-----000-0-eng-d</controlfield><datafield ind1=" " ind2=" " tag="080"><subfield code="a">621.039.59:543.064(047)</subfield></datafield><datafield ind1=" " ind2=" " tag="245"><subfield code="a">An independent mezhod for imput accuntability in reprocessing plants:magnesium tracer technique for the accountability of plutonium (magtrap)</subfield></datafield><datafield ind1=" " ind2=" " tag="260"><subfield code="a">Bombay, Bhabha Atomic Research Centre, 1975. 32p</subfield></datafield><datafield ind1=" " ind2=" " tag="700"><subfield code="a">C.K.Mathews ., H.C.Jain. , S.A.Chitambar</subfield></datafield><datafield ind1=" " ind2=" " tag="852"><subfield code="a">27199</subfield></datafield></record></collection>